% references for the introduction

@Misc{Totalenergy,
    author = {{Energy Information Administration}},
    title = {Annual Energy Review 2011},
    howpublished  = {URL:\url{https://www.eia.gov/totalenergy/data/annual/pdf/aer.pdf},
    Last accessed: 2020-03-09}			%addendum = "(accessed: 09.03.2020)"
}

@article{underdeveloped,
    author = "Kastner, I. and Stern, P. C.",
    title = "Examining the decision-making processes behind household energy investments: A review",
    journal = "Energy Research \& Social Science",
    volume = "10",
    pages = "79--89",
    year = "2015"
}

@article{peer,
    author = "Kim Wolske and Kenneth T. Gillingham and P. Wesley Schultz",
    title = "Peer influence on household energy behaviours",
    journal = "Nature Energy",
    volume = "5",
    pages = "202--212",
    year = "2020"
}

@TechReport{PVevolution,
    author = {{International Renewable Energy Agency (IRENA)}},
    title = "Future of Solar Photovoltaic: Deployment, investment, technology, grid integration and socio-economic aspects",
    institution = "IRENA",
    year = "2019",
    type = "Report"
}

@Misc{Storage,
    author =  {{International Energy Agency}},
    title = {Tracking Energy Integration: More efforts needed},
    howpublished  = {URL:\url{https://www.iea.org/reports/tracking-energy-integration/energy-storage},
    Last accessed: 2020-03-17} %addendum = "(accessed: 17.03.2020)"
}

@article{EnergyMarket,
    author = "Johan Driesen and Geer Deconinck and W. D'Haeseleer and Ri Belmans",
    title = "Active User Participation in Energy Markets Through Activation of Distributed Energy Resources ",
    journal = "Power Engineering Society General Meeting",
    pages = "1--4",
    year = "2007"
}

% New literature review

% investment trends

@article{jacobson,
    author = "Mark Jacobson and Mark Albert Delucchi and Mary Ann Cameron and Stephen Jay Coughlin and Catherine An Hay and Indu Priya Manogaran and Yanbo Shu and Anna-Katharina von Krauland",
    title = "Impacts of Green New Deal Energy Plans on Grid Stability, Costs, Jobs, Health, and Climate in 143 Countries",
    journal = "One Earth",
    volume = "1",
    pages = "449--463",
    year = "2019"
}

@Misc{EY,
    author = {{Ernst \& Young}},
    title = {How to capture the sun: the economics of solar investment},
    howpublished  = {URL:\url{https://www.ey.com/en_be/financial-services/how-to-capture-the-sun-the-economics-of-solar-investment},
Last accessed: 2020-03-30						%    addendum = "(accessed: 30.03.2020)"
}

@TechReport{mercer,
    author = "Mercer",
    title = "Investing in a time of climate change ",
    institution = "Mercer",
    year = "2015",
    type = "Report"
}

@Misc{bonds,
    author = {{Bloomberg}},
    title = {United States Rates \& Bonds},
    howpublished  = {URL:\url{https://www.bloomberg.com/markets/rates-bonds/government-bonds/us},
Last accessed: 2020-03-30    			%addendum = "(accessed: 30.03.2020)"
}

@Misc{stocks,
    author = {{Mark Santoli}},
    title = {The S\&P 500 has already met its average return for a full year, but don’t expect it to stay here},
    howpublished  = {URL:\url{https://www.cnbc.com/2017/06/18/the-sp-500-has-already-met-its-average-return-for-a-full-year.html},
   Last accessed: 2020-03-30 					%addendum = "(accessed: 30.03.2020)"
}

% investment characteristics 
@incollection{infrastructure,
  author      = "Helene Winch",
  title       = "Infrastructure",
  editor      = "Cary Krosinsky and Sophie Purdom",
  booktitle   = "Sustainable Investing: Revolutions in theory and practice",
  publisher   = "Taylor \& Francis Group",
  year        = 2016,
  pages       = "173-182",
  chapter     = 11,
}

@article{lifetime,
    author = "Laura Bruckman and Nichoas Ray Wheeler and Jiaxin Ma and Ethan Wang and Ci Ka Wang and Ivan Chou and Jiayang Sun and Roger Haen French",
    title = "Statistical and Domain Analytics Applied to PV Module Lifetime and Degradation Science",
    journal = "IEEE Access",
    volume = "1",
    pages = "384--403",
    year = "2013"
}

@article{lifetime2,
    author = "Tatiani Georgitsioti and Nicola Pearsall and Ian Forbes and Gobind Pillai",
    title = "A combined model for PV system lifetime energy prediction and annual energy assessment",
    journal = "Solar Energy",
    volume = "183",
    pages = "738--744",
    year = "2019"
}

@article{lifetime3,
    author = "Valdis Poulek and Dan San Strebkov and Ian Sam Persic and Mal Libra",
    title = "Towards 50 years lifetime of PV panels laminated with silicone gel technology",
    journal = "Solar Energy",
    volume = "86",
    pages = "3103--3018",
    year = "2012"
}

@article{remote1,
    author = "Liam Byrnes and Colin Brown and Liam Wagner and John Foster",
    title = "Reviewing the viability of renewable energy in community     electrification: The case of remote Western Australian communities",
    journal = "Renewable and Sustainable Energy Reviews",
    volume = "59",
    pages = "470--481",
    year = "2016"
}

@article{remote2,
    author = "Woodrow Clark and William Isherwoord",
    title = "Distributed generation: remote power systems with advanced storage technologies",
    journal = "Energy Policy",
    volume = "32",
    pages = "1573--1589",
    year = "2004"
}

@article{remote3,
    author = "Kim  Albr Joshi and Ber Poudel and Roen Gokaraju ",
    title = "Exploring Synergy Among New Generation Technologies— Small Modular Reactor, Energy Storage, and Distributed Generation: A Strong Case for Remote Communities",
    journal = "Journal of Nuclear Engineering and Radiation Science",
    volume = "6",
    pages = "1--9",
    year = "2020"
}

@article{balancing,
    author = "Bernhard Faessler and Michael Schuler and Markus Prei{\ss}inger and Peter Kepplinger",
    title = "Battery Storage Systems as Grid-Balancing Measure in Low-Voltage Distribution Grids with Distributed Generation",
    journal = "Energies",
    volume = "10",
    pages = "2161--2175",
    year = "2017"
}

@article{balancing2,
    author = "Pablo Cortes and al.",
    title = "Near-optimal operation of the distributed energy resources in a smart microgrid district",
    journal = "Journal of Cleaner Production",
    volume = "252",
    pages = "1--22",
    year = "2020"
}

@incollection{technical,
  author      = "T. Adefarati and R.C. Bansal",
  title       = "Energizing Renewable Energy Systems and Distribution Generation",
  editor      = "Ozan Erdinc and Akin Tascıkaraoglu",
  booktitle   = "Pathways to a Smarter Power System",
  publisher   = "Academic Press",
  year        = 2019,
  pages       = "29-65",
  chapter     = 2,
}

@TechReport{storage,
    author = "Bert Decourt and Ronald Debarre",
    title = "Electricity Storage: Factbook",
    institution = "Schlumberger Business Consulting Energy Institute",
    year = "2013",
    type = "Report"
}

@article{penetration,
    author = "Albert Solomon and Mci Child and Ups  Caldera and Chais Breyer",
    title = "How much energy storage is needed to incorporate very large intermittent renewables?",
    journal = "Energy Procedia",
    volume = "135",
    pages = "283--293",
    year = "2017"
}

@article{EV1,
    author = "Corey White and Max Zhang",
    title = "Using vehicle-to-grid technology for frequency regulation and peak-load reduction",
    journal = "Journal of Power Sources",
    volume = "196",
    pages = "3972--3980",
    year = "2011"
}

@article{EV2,
    author = "Bart Tarroja and Li Zhang and Van Wifvat and Brendan Shaffer and Scott Samuelsen",
    title = "Assessing the stationary energy storage equivalency of vehicle-to-grid charging battery electric vehicles",
    journal = "Energy",
    volume = "106",
    pages = "673--690",
    year = "2016"
}

@article{integration1,
    author = "Felix Mwasilu and al.",
    title = "Electric vehicles and smart grid interaction: A review on vehicle to grid and renewable energy sources integration",
    journal = "Renewable and Sustainable Energy Reviews",
    volume = "34",
    pages = "501--516",
    year = "2014"
}

@article{integration2,
    author = "Morten B. Blake and Bryan Jenkins",
    title = "SuperGrid or SmartGrid: Competing strategies for large-scale integration of intermittent renewables?",
    journal = "Energy Policy",
    volume = "58",
    pages = "381--390",
    year = "2013"
}

@article{land,
    author = "Vincent Cheng and Geoffrey Hammond",
    title = "Life-cycle energy densities and land-take requirements of variouspower generators: A UK perspective",
    journal = "Journal of the Energy Institute",
    volume = "90",
    pages = "201--213",
    year = "2017"
}


@Misc{recyclig,
    author =  {Chris Martin},
    title = {Wind Turbine Blades Can’t Be Recycled, So They’re Piling Up in Landfills},
    howpublished  = {URL: \url{https://www.bloomberg.com/news/features/2020-02-05/wind-turbine-blades-can-t-be-recycled-so-they-re-piling-up-in-landfills},
    Last accessed: 2020-04-04 }
    }


@TechReport{recycling,
    author = {{International Renewable Energy Agency (IRENA)}},
    title = "End-of-Life Management: Solar Photovoltaic Panels",
    institution = "IRENA",
    year = "2016",
    type = "Report"
}


@Misc{solutions,
    author = {Mike O'Boyle},
    title = {Three Ways Electric Utilities Can Avoid A Death Spiral},
    howpublished  = {URL:\url{https://www.forbes.com/sites/energyinnovation/2017/09/25/three-ways-electric-utilities-can-avoid-a-death-spiral/#28f1a70f758d}, 
    Last accessed: 2020-04-06}
}


% Additional utility death spiral

@article{spiralcauses,
    author = "Elisabeth Graffy and Steven Kihm",
    title = "Does disruptive competition mean a a death spirl for electric utilities?",
    journal = "Energy Law Journal",
    volume = "35",
    pages = "1--44",
    year = "2014"
}



























































% references for the actual literature 

@article{1,
    author = "Andrea Masini , Emanuela Menichetti",
    title = "The impact of behavioural factors in the renewable energy investment decision making process: Conceptual framework and empirical findings",
    journal = "Energy Policy",
    volume = "40",
    pages = "28--38",
    year = "2012"
}

@article{2,
    author = "Rolf Wustenhagen,Emanuela Menichetti",
    journal = "Energy Policy",
    volume = "40",
    pages = "1--10",
    year = "2012"
}

@article{3,
    author = "Frits Olsina and Fransuici Garcés and Henri-Jauen Haubrich",
    title = "Modeling the long-term dynamics of electricity markets",
    journal = "Energy Policy",
    volume = "34",
    pages = "1411--1433",
    year = "2006"
}


@article{4,
    author = "",
    title = "Investment in the future electricity system, an agent-based modelling approach",
    journal = "Energy Policy",
    volume = "34",
    pages = "1411--1433",
    year = "2016"
}


@article{fluctuation,
    author = "Dong, Z.",
    title = "Fluctuation Analysis of Power Investment",
    journal = "2014 International Conference on Power System Technology",
    volume = "34",
    pages = "649--654",
    year = "2014"
}

@Misc{Doel,
    author = {{Engie Electrabel}},
    title = {Doel nuclear power plant},
    howpublished  = {URL:\url{https://corporate.engie-electrabel.be/local-player/nuclear-3/doel/},
    Last accessed: 2020-03-17}							%addendum = "(accessed: 17.03.2020)"
}

@Misc{Amercoeur,
    author = {{Power Technology}},
    title = {Electrabel Unveils Amercoeur Power Unit},
    howpublished  = {URL\url{https://www.power-technology.com/uncategorised/news84939-html/},
   Last accessed: 2020-03-17} 					%addendum = "(accessed: 17.03.2020)"
}

@Misc{Ibbenburen,
    author = {{Rheinisch-Westf\"{a}lisches Elektrizit\"{a}tswerk}},
    title = {Ibbenb\"{u}ren power plant},
    howpublished  = {URL:\url{https://www.group.rwe/en/our-portfolio/our-sites/ibbenbueren-power-plant},
    Last accessed: 2020-03-17}					%addendum = "(accessed: 17.03.2020)"
}

@Misc{Vestas,
    author = {{Vestas Wind Systems}},
    title = {4 MW platform},
    howpublished  = {URL:\url{https://www.group.rwe/en/our-portfolio/our-sites/ibbenbueren-power-plant},
    Last accessed: 2020-03-17}					%addendum = "(accessed: 17.03.2020)"
}


@article{Duke,
    author = "Hearth D., Melicher R. and Gurley D.",
    title = "Nuclear Power Plant Cancellations: Sunk Costs and Utility Stock Returns",
    journal = "Quarterly Journal of Business and Economics",
    volume = "29",
    number = "1",
    pages = "102--115",
    year = "1990"
}

@article{irreversible,
    author = "Madlener,R. et al.",
    title = "Modeling technology adoption as an irreversible investment under uncertainty: the case of     the Turkish electricity supply industry",
    volume = "27",
    pages = "139--163",
    year = "200("
}

@article{Helm,
    author = "Dieter Helm",
    title = "Infrastructure investment, the cost of capital, and regulation: an assessment",
    journal = "Oxford Review of Economic Policy",
    volume = "25",
    number = "3",
    pages = "307--326",
    year = "2009"
}

@INPROCEEDINGS{Czec,
  author={T. {Novák} and J. {Šnobl} and K. {Sokanský}},
  booktitle={2011 10th International Conference on Environment and Electrical Engineering}, 
  title={Photovoltaic power plants in terms of investment costs and payback in the Czech Republic}, 
  year={2011},
  volume={},
  number={},
  pages={1-3},}

%@article{Czec,
  %  author = "Tim Novak and Jaroslav Snobl and Karel Sokansky",
    %title = "Photovoltaic power plants in terms of investment costs and payback in the Czech Republic ",
  %  journal = "2011 10th International Conference on Environment and Electrical Engineering",
  %  pages = "1--3",
    %year = "2011"
%}

@article{CSP,
    author = "Tom Larrain and Remco Escobar",
    title = "Net energy analysis for concentrated solar power plants in northern Chile",
    journal = "Renewable Energy",
    volume = "41",
    pages = "123--133",
    year = "2012"
}

@article{Regulation,
    author = "Manuel de Vi  llena and Raphael Fonteneau and Axel Gautier and Damien Ernst",
    title = "Evaluating the Evolution of Distribution Networks under Different Regulatory Frameworks with Multi-Agent Modelling",
    journal = "Energies",
    volume = "12",
    pages = "1203--1219",
    year = "2019"
}


@article{Weather,
    author = "Ann Ali and Dil Bahadur Rahut and Konkoder Abdul Mottaleb and Olaf Erenstein",
    title = "Impacts of changing weather patterns on smallholder well-being Evidence from the Himalayan region of northern Pakistan",
    journal = "International Journal of Climate Change Strategies and Management",
    volume = "9",
    number = "2",
    pages = "225--240",
    year = "2017"
}


@article{WindDisAd,
    author = "Liam Lakatos and Ge Hevessy and Ja Kovacs",
    title = "Advantages and disadvantages of solar energy and wind-power utilization",
    journal = "World Futures",
    volume = "65",
    pages = "395--408",
    year = "2011"
}

@article{WindStability,
    author = "Jay Sreedevi and Ka S. Meera and Noor P. Cheshma and Sim Ravichandran and Ri Santhanakumar and Tim Sumathi",
    title = "Grid Stability with Large Wind Power Integration A Case Study",
    journal = " 2016 IEEE Region 10 Conference (TENCON)",
    volume = "1",
    pages = "571--575",
    year = "2016"
}

@article{Onshoreoffshore,
    author = "Martin Bilgili and Abdul Yasar and Egrd Simsek",
    title = "Offshore wind power development in Europe and its comparison with onshore counterpart",
    journal = "Renewable and Sustainable Energy Reviews",
    volume = "15",
    pages = "905--915",
    year = "2011"
}

@TechReport{Wind18,
    author = {{Global Wind Energy Council}},
    title = "Global Wind Report 2018",
    institution = "GWEC",
    year = "2019",
    type = "Report"
}

@Misc{WindPotential,
    author = {{Financial Times}},
    title = {Wind power has capacity to meet world’s entire electricity demands},
    howpublished  = {URL:\url{https://www.ft.com/content/7c36dd38-f69b-11e9-a79c-bc9acae3b654},
    Last accessed: 2020-03-09}						%addendum = "(accessed: 09.03.2020)"
}

@Misc{Zonnepanelen,
    author = {{De Tijd}},
    title = {Zonnepanelen even populair als in gouden subsidiejaren},
    howpublished  = {URL:\url{https://www.tijd.be/politiek-economie/belgie/vlaanderen/zonnepanelen-even-populair-als-in-gouden-subsidiejaren/10203790.html},
   Last accessed: 2020-02-04} 						%addendum = "(accessed: 04.02.2020)"
}

@TechReport{WEO,
    author = {{International Energy Agency}},
    title = "World Energy Outlook",
    institution = "International Energy Agency",
    year = "2019",
    type = "Report"
}

@TechReport{WEO20,
    author = {{International Energy Agency}},
    title = "World Energy Outlook",
    institution = "International Energy Agency",
    year = "2020",
    type = "Report"
}

@TechReport{WIO,
    author = {{International Energy Agency}},
    title = "World Investments",
    institution = "International Energy Agency",
    year = "2019",
    type = "Report"
}

@TechReport{wealthdata2,
    author = {Jeroen Boeckx and Martin Deroose},
    title = "Economic Review",
    institution = "National Bank of Belgium",
    year = "2016",
    type = "Report"
}

@Misc{wealthdata,
    author = {{National Bank van Belgi\"{e}}},
    title = {Financial accounts of Belgium  : Financial accounts},
    howpublished  = {URL:\url{https://stat.nbb.be/},
    Last accessed: 2020-05-19}    					%addendum = "(accessed: 17.03.2020)"
     }


@Misc{bloomberg,
    author = {Logan Goldie-Scot},
    title = {Behind the Scenes Take on Lithium-ion Battery Prices},
    howpublished  = {URL:\url{https://about.bnef.com/blog/behind-scenes-take-lithium-ion-battery-     prices/},
    Last accessed: 2020-03-17}    					%addendum = "(accessed: 17.03.2020)"
     }

@TechReport{IRENA,
    author = {{International Renewable Energy Agency (IRENA)}},
        title = "Renewable Energy Statistics 2019",
    institution = "International Renewable Energy Agency",
    year = "2019",
    type = "Report"
}

@article{Economics,
    author = "Chang D.-S., Chen Y.-T. and Chen W.-D. ",
    title = "The exogenous factors affecting the cost efficiency of power generation",
    journal = "Energy Policy",
    volume = "37",
    pages = "5540--5545",
    year = "2009"
}


@Misc{solarpvdata,
    author = {David Feldman and Matthew Zwerling and Robert Margolis},
    title = {Q2/Q3 2019 Solar Industry Udate},
    howpublished  = {URL:\url{https://www.nrel.gov/docs/fy20osti/75484.pdf},
    Last accessed: 2020-05-18}				%addendum = "(accessed: 18.03.2020)"
}

@TechReport{batdata,
    author = "Wesley Cole and A. Will Frazier ",
    title = "Cost Projections for Utility-Scale Battery Storage",
    institution = "National Renewable Energy Laboratory (NREL) ",
    year = "2019",
    type = "Report"
}

@Misc{batpower,
    author = {{Clean Energy Reviews}},
    title = {Solar Battery Comparison Chart},
    howpublished  = {URL:\url{https://www.cleanenergyreviews.info/hybrid-solar-battery-energy-storage-system-review},
    Last accessed: 2020-05-18}				%addendum = "(accessed: 18.03.2020)"
}

@Misc{wsj,
    author = {Lee Denning},
    title = {Lights Flicker for Utilities},
    howpublished  = {URL:\url{https://www.wsj.com/articles/lights-flicker-for-utilities-1387752421},
    Last accessed: 2020-03-18}				%addendum = "(accessed: 18.03.2020)"
}



@Misc{spiral,
    author = {Ben Shively},
    title = {Will Environmentally Beneficial Electrification Save Electric Utilities From the Death Spiral?},
    howpublished  = {URL:\url{https://www.enerdynamics.com/Energy-Insider_Blog/Will-environmentally-beneficial-electrification-save- electric-  utilities-from-the-death-spiral.aspx},
    Last accessed: 2020-03-18}				%addendum = "(accessed: 18.03.2020)"
}

@article{spiral2,
    author = "Mark Castaneda and Mazt Jimenez and Sebastian Zapata and Carlos J. Franco and Isaac Dyner",
    title = "Myths and facts of the utility death spiral",
    journal = "Energy Policy",
    volume = "110",
    pages = "105--116",
    year = "2017"
}

@article{spiral3,
    author = "Mark Muaafa and Iqbal Adjali and Patrick Bean and Rolando Diaz Fuentes and Steven Orla Kimbrough and Frederic H. Murphy",
    title = "Can adoption of rooftop solar panels trigger a utility death spiral? A tale of two U.S. cities",
    journal = "Energy Research \& Social Sciences",
    volume = "34",
    pages = "154--162",
    year = "2017"
}

@article{spiral4,
    author = "Fernand Felder and Ron Athawale",
    title = "The Life and Death of the Utility Death Spiral",
    journal = "The Electricity Journal",
    volume = "27",
    pages = "9--16",
    year = "2014"
}

@article{FlandersAdoption,
    author = "Oscar De Groote and Guido Pepermans and Frank Verboven",
    title = "Heterogeneity in the adoption of photovoltaic systems in Flanders",
    journal = "Energy Economics",
    volume = "59",
    pages = "45--57",
    year = "2016"
}

@article{ABMPV,
    author = "Jim Zhao and Esfandar Mazhari and Nurcin Celik and Young-Jun Son",
    title = "Hybrid agent-based simulation for policy evaluation of solar power generation systems",
    journal = "Simulation Modelling Practice and Theory",
    volume = "19",
    pages = "2189--2205",
    year = "2011"
}


@article{UKadoption,
    author = "Patrick Pearce and Ronal Slade",
    title = "Hybrid agent-based simulation for policy evaluation of solar power generation systems",
    journal = "Simulation Modelling Practice and Theory",
    volume = "19",
    pages = "2189--2205",
    year = "2011"
}


@article{ItalyAdoption ,
    author = "Jay Palmer and George Sorda and Ron Madlener",
    title = "Modeling the diffusion of residential photovoltaic systems in Italy: An agent-based simulation",
    journal = "Technological Forecasting \& Social Change",
    volume = "99",
    pages = "109--131",
    year = "2015"
}

@article{flowanalysis,
    author = "Tim Murakami",
    title = "Agent-based simulations of the influence of social policy and neighboring communication on the adoption of grid-connected photovoltaics",
    journal = "Energy Conversion and Management",
    volume = "80",
    pages = "158--164",
    year = "2014"
}

@article{fixedvar,
    author = "Naim Darghouth and Ryan H. Wiser and Galen Barbose and Andrew D. Mills",
    title = "Net metering and market feedback loops: Exploring the impact
of retail rate design on distributed PV deployment",
    journal = "Applied Energy",
    volume = "162",
    pages = "713--722",
    year = "2016"
}

@article{spatiotemp,
    author = "Scott Robinson and Varun Rai",
    title = "Determinants of spatio-temporal patterns of energy technology adoption: An agent-based modeling approach",
    journal = "Applied Energy",
    volume = "151",
    pages = "273--284",
    year = "2015"
}


@article{spatiotemp2,
    author = "Scott Robinson and Varun Rai",
    title = "Agent-based modeling of energy technology adoption: Empirical
integration of social, behavioral, economic, and environmental factors",
    journal = "Environmental Modeling \& Software",
    volume = "70",
    pages = "163--177",
    year = "2015"
}

% References on modeling techniques

@article{6CAS,
    author = "Steven Railsback",
    title = "Concepts from complex adaptive systems as a framework for individual-based modelling",
    journal = "Ecological Modelling",
    volume = "139",
    pages = "47--62",
    year = "2001"
}

@Misc{CASfigure,
    author = {{Wikipedia}},
    title = {Complex adaptive system},
    howpublished  {URL:\url{https://en.wikipedia.org/wiki/File:Complex_adaptive_system.svg}, Last accessed: 2020-05-22}    %addendum = "(accessed: 03.03.2020)"
}

@book{optimization,
    author    = "Steven Boyd and Lieven Vandenberghe",
    title     = "Convex Optimization",
    year      = "2004",
    publisher = "Cambridge University Press"
}


@article{Optimization1 ,
    author = "Ayo Wu and Andy Philpott and Golbon Zakeri",
    title = "Investment and generation optimization in electricity systems with intermittent supply",
    journal = "Energy Systems",
    volume = "8",
    pages = "127--147",
    year = "2017"
}

@article{Optimization2,
    author = "Tim Aboumahboub and Katrin Schaber and Ulrich Wagner and Thomas Hamacher",
    title = "On the CO2 emissions of the global electricity supply sector and the influence of renewable power-modeling and optimization",
    journal = "Energy Policy",
    volume = "42",
    pages = "297--314",
    year = "2012"
}

@article{Optimization3,
    author = "Vahidinasab,V.",
    title = "Optimal distributed energy resources planning in a competitive electricity market: Multiobjective optimization and probabilistic design",
    journal = "Renewable Energy",
    volume = "66",
    pages = "354--363",
    year = "2014"
}   


@book{ABM,
    author    = "Gerard Dijkema and al.",
    title     = "Agent-Based Modelling of Socio-Technical Systems",
    year      = "2013",
    publisher = "Springer Netherlands"
}

@phdthesis{Poncelet,
  author       = "Poncelet, K.", 
  title        = "Long-term energy-system optimization models: Capturing the challenges of integrating intermittent renewable energy sources and assessing the suitability for descriptive scenario analyses",
  school       = "KU Leuven",
  year         = "2018"
}

@Misc{Whitesides,
    author = {{TED}},
    title = {Toward a science of simplicity},
    howpublished  {URL:\url{https://www.ted.com/talks/george_whitesides_toward_a_science_of_simplicity}, Last accessed: 2020-03-03}    %addendum = "(accessed: 03.03.2020)"
}

@book{Darwin,
    author    = "Darwin, C.",
    title     = "On the Origin of Species",
    year      = "1995",
    publisher = "Gramercy"
}

@book{CAS,
    author    = "Holland, J.H.",
    title     = "Hidden order: How adaptation builds complexity",
    year      = "1996",
    publisher = "Basic Books"
}

@article{EnergyModels ,
    author = "Wilson,C. \&  Dowlatabadi,H. ",
    title = "Models of Decision Making and Residential Energy Use",
    journal = "Annual Review of Environment and Resources",
    volume = "32",
    pages = "169--203",
    year = "2007"
}

@article{EUTvsPT ,
    author = "Lima de Castro and Anderson Rodrigo Barreto Teodoro and Luciano Irineu de Castro and Simon Parsons",
    title = "Expected utility or prospect theory: Which better fits agent-basedmodeling of markets?",
    journal = "Journal of Computational Science",
    volume = "17",
    pages = "97--102",
    year = "2016"
}



% References on prospect theory and related behavioral economics

@book{adamsmith,
    author    = "Adam Smith",
    title     = "The Wealth of Nations - An Inquiry Into the Nature and Causes of the Wealth of Nations",
    year      = "1977",
    publisher = "University of Chicago Press"
}

@article{prospect1,
    author = "Amos Tvesky and Daniel Kahneman",
    title = "Prospect Theory: An Analysis of decision under risk",
    journal = "Econometrica",
    volume = "47",
    number = "2",
    pages = "263--292",
    year = "1979"
}

@article{prospect2,
    author = "Amos Tvesky and Daniel Kahneman",
    title = "Advances in Prospect Theory: Cumulative Representation of Uncertainty",
    journal = "Journal of Risk and Uncertainty",
    volume = "5",
    pages = "297--323",
    year = "1992"
}

@TechReport{CCGT,
    author = "Fernand Kern ",
    title = "The development of the CCGT and the 'dash for gas' in the UK power industry (1987-2000) ",
    institution = "UK Energy Research Centre",
    year = "2012",
    type = "Report"
}

@Misc{NobelKahne,
    author = {{Nobel Media AB 2020}},
    title = {The Sveriges Riksbank Prize in Economic Sciences in Memory of Alfred Nobel 2002},
    howpublished  = {URL:\url{https://www.nobelprize.org/prizes/economic-sciences/2002/summary/},
Last accessed: 2020-03-01}    					%addendum = "(accessed: 01.03.2020)"
}

@Misc{Nobelshiller,
    author = {{Nobel Media AB 2020}},
    title = {The Prize in Economic Sciences 2013},
    howpublished  =  {URL:\url{https://www.nobelprize.org/prizes/economic-sciences/2013/summary/},
Last accessed: 2020-03-01}    							%addendum = "(accessed: 01.03.2020)"
}

@Misc{Nobelthaler,
    author = {{Nobel Media AB 2020}},
    title = {The Prize in Economic Sciences 2017},
    howpublished  = {URL:\url{https://www.nobelprize.org/prizes/economic-sciences/2017/summary/},
Last accessed: 2020-03-01}    						%addendum = "(accessed: 01.03.2020)"
}

@article{RCT,
    author = "Ron Wittek ",
    title = "Rational Choice Theory",
    journal = "Theory in Social and Cultural Anthropology: An Encyclopedia.",
    pages = "688--690",
    year = "2013"
}

@book{boundedrat,
    author    = "Herbert Simon",
    title     = "Models of Man",
    year      = "1957",
    publisher = "John Wiley"
}

@article{cognitive,
    author = "Geroge Mandler",
    title = "Origins of the cognitive (r)evolution",
    journal = "Journal of History of the Behavioral Sciences",
    volume = "38",
    number = "4",
    pages = "339--353",
    year = "2002"
}

@article{Allais,
    author = "Martin Allais ",
    title = "Le Comportement de l'Homme Rationnel devant le Risque: Critique des Postulats et Axiomes de l'Ecole Americaine",
    journal = "Econometrica",
    volume = "21",
    pages = "503--546",
    year = "1953"
}

@article{Marko,
    author = "Markowitz,H.",
    title = "The Utility of Wealth",
    journal = "Journal of Political Economy",
    volume = "60",
    pages = "151--158",
    year = "1952"
}

@article{Williams,
    author = "Williams,A. C.",
    title = "Attitudes toward Speculative Risks as an Indicator of Attitudes toward Pure Risks",
    journal = "Journal of Risk and Insurance",
    volume = "33",
    pages = "577--586",
    year = "1952"
}

@article{Bernoulli,
    author = "Bernouilli,D.",
    title =  "Exposition of a New Theory on the Measurement of Risk",
    journal = "Econometrica",
    volume = "22",
    pages = "22--36",
    year = "1954"
}

@Misc{weights,
    author = {{behaviouralfinance.net}},
    title = {Prospect Theory},
    howpublished  = {URL:\url"http://prospect-theory.behaviouralfinance.net/},
Last accessed: 2020-03-10}    						%addendum = "(accessed: 10.03.2020)"
}

@book{rankdependent,
    author    = "Quiggin,J.",
    title     = "Generalized Expected Utility Theory: The Rank Dependent model",
    year      = "1993",
    publisher = "Springer"
}

@article{Weighting,
    author = "Ron Gonzalez and Gi Wu",
    title = "On the Shape of the Probability Weighting Function",
    journal = "Cognitive Psychology",
    volume = "38",
    pages = "129--166",
    year = "1999"
}

@article{Weighting2,
    author = "Chris Camerer and Tim Ho",
    title = "Violations of the betweenness axiom and nonlinearity in probability",
    journal = "Journal of Risk and Uncertainty",
    volume = "8",
    pages = "167--196",
    year = "1994"
}

@article{Weighting3,
    author = "Ron Congzalez and Gi Wu",
    title = "Curvature of the Probability Weighting Function",
    journal = "Management Science",
    volume = "42",
    pages = "1676--1690",
    year = "1996"
}   

% papers related topics PT 
@article{Consumption,
    author = "Jaroslava Hlouskova and Ines Fortin and Panagiotis Tsigaris"
    title = "The Consumption-Investment Decision of a Prospect Theory Household: A Two-Period Model",
    journal = "Journal of Mathematical Economics",
    volume = "70",
    pages = "74--89",
    year = "2017"
}

@INPROCEEDINGS{spectrum,
  author={J. {Yu} and M. H. {Cheung} and J. {Huang}},
  booktitle={2014 IEEE International Conference on Communications (ICC)}, 
  title={Spectrum investment with uncertainty based on prospect theory}, 
  year={2014},
  volume={},
  number={},
  pages={1620-1625},}

%@article{spectrum,
  %  author = "Jay Yu and Man Hon Cheung and Jianwei Huang",
  %  title = "Spectrum Investment with Uncertainty Based on Prospect Theory",
  %  journal = "2014 IEEE International Conference on Communications (ICC)",
 %   pages = "1620--1625",
   % year = "2014"
%}

@article{portfoliochoice,
    author = "Liam Deng and Tim Pirvu",
    title = "Multi-Period Investment Strategies under Cumulative Prospect Theory",
    journal = "Journal of Risk and Financial Management",
    volume = "12",
    pages = "1--15",
    year = "2019"
}

@article{portfoliochoicestat,
    author = "CA Bernard and Mar Ghossoub",
    title = "Static portfolio choice under Cumulative Prospect Theory",
    journal = "Mathematics and Financial Economics",
    volume = "2",
    pages = "277--306",
    year = "2010"
}


@article{portfoliochoicean,
    author = "Daniel He and Yua Zhou",
    title = "Portfolio Choice Under Cumulative Prospect Theory: An   Analytical Treatment",
    journal = "Management Science",
    volume = "57",
    pages = "315--331",
    year = "2011"
}

@article{multistock,
    author = "Tim Pirvu and Kim Schulze",
    title = "Multi-stock portfolio optimization under prospect theory",
    journal = "Mathematics and Financial Economics",
    volume = "6",
    pages = "337--362",
    year = "2012"
}

@article{Stackelbergprospect,
    author = "Gian El Rahi and San Rasoul Etesami and Walid Saad and Narayan Ban Mandayam and Hen Vincent Poor",
    title = "Managing Price Uncertainty in Prosumer-Centric Energy Trading: A Prospect-Theoretic Stackelberg Game Approach",
    journal = "IEEE Transactions on Smart Grid",
    volume = "10",
    pages = "702--713",
    year = "2017"
}

@INPROCEEDINGS{Storageprospect,
  author={Y. {Wang} and W. {Saad} and N. B. {Mandayam} and H. V. {Poor}},
  booktitle={2014 IEEE International Conference on Acoustics, Speech and Signal Processing (ICASSP)}, 
  title={Integrating energy storage into the smart grid: A prospect theoretic approach}, 
  year={2014},
  volume={},
  number={},
  pages={7779-7783},}
  
%@article{Storageprospect,
  %  author = "Yingpe Wang and Walid Saad and Narayan Ban Mandayam and Hen Vincent Poor",
  %  title = "Integrating Energy Storage into the Smart Grid: A Prospect Theoretic Approach",
 %   journal = "Proceedings - ICASSP, IEEE International Conference on Acoustics, Speech and Signal Processing",
  %  pages = "7779--7783",
    %year = "2014"
%}

@article{consumercentric,
    author = "Win Saad  and Arnold Lan Glass and Narayan Ban Mandayam and Hen Vincent Poor",
    title = "Toward a Consumer-Centric Grid: A Behavioral Perspective",
    journal = "Proceedings of the IEEE",
    volume = "104",
    number = "4",
    pages = "865--882",
    year = "2016"
}

@article{loadshift,
    author = "Yunpeng Wang and Win Saad  and Narayan Ban Mandayam and Han Vincent Poor",
    title = "Load Shifting in the Smart Grid: To Participate or Not?",
    journal = "IEEE Transactions on Smart Grid",
    pages = "2604--2614",
    year = "2016"
}

@article{reactive,
    author = "Yingpe Wang and Walid Saad and Arif Ian Sarwat and Choong Seon Hong",
    title = "Reactive Power Compensation Game Under Prospect-Theoretic Framing Effects",
    journal = "IEEE Transactions on Smart Grid",
    volume = "9",
    number = "5",
    pages = "4181--4193",
    year = "2018"
}

% Chapter 3: Model development

@book{ODD,
    author    = "Ss Railsback and Volker Grimm",
    title     = "Agent-Based and Individual-Based Modeling: A Practical Introduction",
    year      = "2012",
    publisher = "Princeton University Press"
}


@Misc{ECB,
    author = {{European Central Bank}},
    title = {Key ECB interest rates},
    howpublished  = {URL:\url{https://www.ecb.europa.eu/stats/policy_and_exchange_rates/key_ecb_interest_rates/html/index.en.html},
Last accessed: 2020-03-23}  								%  addendum = "(accessed: 23.03.2020)"
}

@book{Rogers,
    author    = "Everett Rogers",
    title     = "Diffusion of Innovations",
    year      = "1983",
    publisher = "Free Press"
}


@article{solarrebound,
    author = "Yingpe Qju and Matthew E. and Bo Xing",
    title = "Quantifying the rebound effects of residential solar panel
adoption",
    journal = "Journal of Environmental Economics and Management",
    volume = "96",
    pages = "310--341",
    year = "2019"
}

@article{lossaversions,
    author = "Douadia Bougherara and Xavier Gassmann and Laurent Piet and Aneraud Reynaud",
    title = "Structural estimation of farmers’ risk and
ambiguity preferences: a field experiment",
    journal = "European Review of Agricultural Economics",
    volume = "44",
    number = "5",
    pages = "782--808",
    year = "2017"
}

@Misc{julia,
    author = {{Julia}},
    title = {Julia Download v1.1.1},
    howpublished  = {URL:\url{https://julialang.org/downloads/oldreleases/#v111_may_16_2019},
Last accessed: 2020-05-23}  								%  addendum = "(accessed: 23.03.2020)"
}

@Misc{julia2,
    author = {{Gurobi}},
    title = {Gurobi for Academics and Researchers},
    howpublished  = {URL:\url{https://www.gurobi.com/academia/for-universities},
Last accessed: 2020-05-23}  								%  addendum = "(accessed: 23.03.2020)"
}


@Misc{subsidy,
    author = {{Vlaamse overheid}},
    title = {Premie voor thuisbatterij voor zelf opgewekte energie},
    howpublished  = {URL:\url{https://www.vlaanderen.be/premie-voor-thuisbatterij-voor-zelf-opgewekte-energie},
Last accessed: 2020-05-23}  								%  addendum = "(accessed: 23.03.2020)"
}

@Misc{CAsexample,
    author = {{Wikimedia}},
    title = {Complex adaptive system},
    howpublished  = {URL:\url{https://upload.wikimedia.org/wikipedia/commons/0/0f/Complex_adaptive_system.svg},
Last accessed: 2020-05-25}  								%  addendum = "(accessed: 23.03.2020)"
}

